@inproceedings{dummy,
	title = {{Some article}},
	author = "Mister who",
	year = "2019",
	pages = "x--y"
}

@misc{RFC5903,
	title = {{Elliptic Curve Groups modulo a Prime (ECP Groups) for IKE and IKEv2}},
	author = {{D. Fu and J. Solinas}},
	year = 2010
}

@book{stinson,
	author = {Stinson, Douglas},
	title = {Cryptography: Theory and Practice, Second Edition},
	year = {2002},
	isbn = {1584882069},
	edition = {2nd},
	publisher = {CRC/C\&H},
} 

@misc{ssh,
	title="Secure Shell",
	howpublished={{\url{https://en.wikipedia.org/wiki/Secure_Shell}}}
}
